
@misc{anova,
  title={Select the best feature using anova for machine learning},
  author={Pallab},
  howpublished = {"\url{http://www.thesiliconboard.com/learn-anova/}"}, 
  year={2020}
}

@misc{w44,
  title={Week 44: Decision Trees, Ensemble methods  and Random Forests}, 
  author={Morten H. J.},
  howpublished =
  {"\url{https://compphysics.github.io/MachineLearning/doc/pub/week44/html/week44.html}"}, 
  year={2022}
}

@misc{sklearn,
  title={sklearn.tree.DescionTreeClassifier}, 
  author={scikit-learn developers},
  howpublished = {"\url{https://scikit-learn.org/stable/modules/generated/sklearn.tree.DecisionTreeClassifier.html#sklearn.tree.DecisionTreeClassifier}"}, 
  year={2022}
}

